@misc{SebastianLague,
	author = {Sebastian Lague},
	title = {Coding Adventure: Simulating an Ecosystem},
	type = {Video},
	number = {June 10},
	year = {2019},
	howpublished = {https://www.youtube.com/watch?v=r\_It\_X7v-1E}
}
@misc{EcoGame,
	author = {Strange Loop Games},
	title = {Eco (2018 video game)},
	type = {Game},
	year = {2018},
	howpublished = {https://play.eco/}
}

 
 